<?xml version="1.0" encoding="UTF-8"?><collection xmlns="http://www.loc.gov/MARC21/slim"><record><leader>00553nam--2200181-i-4500</leader><controlfield tag="001">000041206</controlfield><controlfield tag="002">20161230</controlfield><controlfield tag="005">20161230201043</controlfield><controlfield tag="008">060222s1000------------r-----000-0-eng-d</controlfield><datafield ind1=" " ind2=" " tag="040"><subfield code="a">IFIN-HH</subfield></datafield><datafield ind1=" " ind2=" " tag="080"><subfield code="a">539.122(061.3)</subfield></datafield><datafield ind1="1" ind2=" " tag="100"><subfield code="a">Cordier, A</subfield></datafield><datafield ind1="1" ind2="0" tag="245"><subfield code="a">Seminar on gamma. gamma physics. orsay, october 7-8, 1981</subfield><subfield code="b">Laboratoire de l'accelerateur lineaire</subfield><subfield code="c">A. cordier, a. courau</subfield></datafield><datafield ind1=" " ind2=" " tag="260"><subfield code="a">Orsay</subfield><subfield code="b">Instute Nationale De Physique Nucleaire</subfield><subfield code="c">1982</subfield></datafield><datafield ind1=" " ind2=" " tag="300"><subfield code="a">263 P</subfield></datafield><datafield ind1="1" ind2=" " tag="700"><subfield code="a">Courau, A</subfield></datafield><datafield ind1=" " ind2=" " tag="852"><subfield code="a">79192</subfield><subfield code="c">539.12</subfield></datafield><datafield ind1=" " ind2=" " tag="CAT"><subfield code="a">Sys</subfield><subfield code="c">20120131</subfield><subfield code="h">164635</subfield></datafield></record></collection>